% 30395331 
@Article{GO2019,
   Author="Gene Ontology Consortium",
   Title="{{T}he {G}ene {O}ntology {R}esource: 20 years and still {G}{O}ing strong}",
   Journal="Nucleic Acids Res",
   Year="2019",
   Volume="47",
   Number="D1",
   Pages="D330-D338",
   Month="01"
}
